@Misc{GAPDoc,
    AUTHOR = {Frank L\"ubeck and Max Neunh\"offer},
     TITLE = {{GAPD}oc --- {A} {M}eta {P}ackage for {GAP} {D}ocumentation},
howpublished = {{GAP4} package (\url{http://www.math.rwth-aachen.de/~Frank.Luebeck/GAPDoc})}
}

%%%%%%%%%%%%%%%%%%%%%%%%%%%%%%%%%%%%%%%%%%%%%%%%%%%%%%%%%%%%%%%%%%%%%%%%%
%%
%E
